<?xml version="1.0" encoding="UTF-8"?>
<record xmlns="http://www.loc.gov/MARC21/slim" xmlns:xsi="http://www.w3.org/2001/XMLSchema-instance" xsi:schemaLocation="http://www.loc.gov/MARC21/slim http://www.loc.gov/standards/marcxml/schema/MARC21slim.xsd">
<leader>00000cam a22      a 4500</leader>
<controlfield tag="001">002047990</controlfield>
<controlfield tag="003">NNU</controlfield>
<controlfield tag="005">20150410165419.0</controlfield>
<controlfield tag="008">921217s1923    ua c          000 0 ara d</controlfield>
<datafield tag="035" ind1=" " ind2=" ">
<subfield code="a">(OCoLC)80124617</subfield>
</datafield>
<datafield tag="040" ind1=" " ind2=" ">
<subfield code="a">NNU</subfield>
<subfield code="c">ZYU</subfield>
<subfield code="d">OCLCQ</subfield>
<subfield code="d">OCLCG</subfield>
<subfield code="d">OCLCF</subfield>
<subfield code="d">OCLCO</subfield>
<subfield code="d">NNU</subfield>
</datafield>
<datafield tag="050" ind1=" " ind2="4">
<subfield code="a">PJ7842.A87</subfield>
<subfield code="b">M82 1923</subfield>
</datafield>
<datafield tag="100" ind1="1" ind2=" ">
<subfield code="6">880-01</subfield>
<subfield code="a">Kāẓimī, ʻAbd al-Muḥsin,</subfield>
<subfield code="d">1865-1935.</subfield>
</datafield>
<datafield tag="245" ind1="1" ind2="0">
<subfield code="6">880-02</subfield>
<subfield code="a">Muʻallaqāt al-Kāẓimī fī ʻalam Miṣr al-munfarid wa-rajal al-Sharq al-awḥad Saʻd Zaghlūl Bāshā /</subfield>
<subfield code="c">li-Abī al-Mukārim ʻAbd al-Muḥsin al-Kāẓimī.</subfield>
</datafield>
<datafield tag="260" ind1=" " ind2=" ">
<subfield code="6">880-03</subfield>
<subfield code="a">Miṣr :</subfield>
<subfield code="b">al-Maṭbaʻah al-ʻArabīyah bi-Miṣr,</subfield>
<subfield code="c">1342 [1923 or 1924]</subfield>
</datafield>
<datafield tag="300" ind1=" " ind2=" ">
<subfield code="a">56 p. :</subfield>
<subfield code="b">ports. ;</subfield>
<subfield code="c">23 cm.</subfield>
</datafield>
<datafield tag="600" ind1="1" ind2="0">
<subfield code="6">880-04</subfield>
<subfield code="a">Zaghlūl, Saʻd,</subfield>
<subfield code="d">1857-1927</subfield>
<subfield code="x">In literature.</subfield>
</datafield>
<datafield tag="600" ind1="1" ind2="7">
<subfield code="a">Zaghlūl, Saʻd,</subfield>
<subfield code="d">1857-1927.</subfield>
<subfield code="2">fast</subfield>
<subfield code="0">(OCoLC)fst00117962</subfield>
</datafield>
<datafield tag="650" ind1=" " ind2="7">
<subfield code="a">Literature.</subfield>
<subfield code="2">fast</subfield>
<subfield code="0">(OCoLC)fst00999953</subfield>
</datafield>
<datafield tag="880" ind1="1" ind2=" ">
<subfield code="6">100-01/</subfield>
<subfield code="a">كاظمي، عبد المحسن،</subfield>
<subfield code="d">1865-1935.</subfield>
</datafield>
<datafield tag="880" ind1="1" ind2="0">
<subfield code="6">245-02/</subfield>
<subfield code="a">معلقات الكاظمي في علم مصر المنفرد ورجل الشرق الاوحد سعد زغلول باشا /</subfield>
<subfield code="c">لابي المكارم عبد المحسن الكاظمي.</subfield>
</datafield>
<datafield tag="880" ind1=" " ind2=" ">
<subfield code="6">260-03/</subfield>
<subfield code="a">مصر :</subfield>
<subfield code="b">المطبعة العربية بمصر،</subfield>
<subfield code="c">1342 [1923 or 1924]</subfield>
</datafield>
<datafield tag="880" ind1="1" ind2="4">
<subfield code="6">600-04/</subfield>
<subfield code="a">زغلول، سعد،</subfield>
<subfield code="d">1857-1927</subfield>
<subfield code="x">In literature.</subfield>
</datafield>
<datafield tag="OWN" ind1=" " ind2=" ">
<subfield code="a">GENERAL</subfield>
</datafield>
<datafield tag="AVA" ind1=" " ind2=" ">
<subfield code="a">NYU50</subfield>
<subfield code="b">BOBST</subfield>
<subfield code="c">Main Collection</subfield>
<subfield code="d">PJ7842.A87 M82 1923</subfield>
<subfield code="e">unavailable</subfield>
<subfield code="t">Unavailable</subfield>
<subfield code="f">1</subfield>
<subfield code="g">1</subfield>
<subfield code="h">N</subfield>
<subfield code="i">0</subfield>
<subfield code="j">MAIN</subfield>
<subfield code="k">0</subfield>
</datafield>
</record>
